<record><leader>00000cas a2200000 i 4500</leader><controlfield tag="001">904707860</controlfield><controlfield tag="006">m     o  d        </controlfield><controlfield tag="007">cr |||||||||||</controlfield><controlfield tag="008">150311c19149999ncuwn neo     0    0eng c</controlfield><datafield ind1=" " ind2=" " tag="010"><subfield code="a">  2015236774</subfield></datafield><datafield ind1=" " ind2=" " tag="040"><subfield code="a">TEFOD</subfield><subfield code="b">eng</subfield><subfield code="e">rda</subfield><subfield code="e">pn</subfield><subfield code="c">TEFOD</subfield><subfield code="d">NOC</subfield><subfield code="d">OCLCF</subfield><subfield code="d">TEF</subfield><subfield code="d">COO</subfield></datafield><datafield ind1=" " ind2=" " tag="037"><subfield code="a">BB725FFD-1972-4650-9DB7-2FF11A93EF58</subfield><subfield code="b">OverDrive, Inc.</subfield><subfield code="n">http://www.overdrive.com</subfield></datafield><datafield ind1=" " ind2=" " tag="042"><subfield code="a">pcc</subfield></datafield><datafield ind1=" " ind2=" " tag="043"><subfield code="a">n-us-nc</subfield></datafield><datafield ind1=" " ind2="4" tag="050"><subfield code="a">LH1.G855</subfield></datafield><datafield ind1="0" ind2="4" tag="082"><subfield code="a">378.756/62</subfield><subfield code="2">23</subfield></datafield><datafield ind1="0" ind2="4" tag="245"><subfield code="a">The Guilfordian.</subfield></datafield><datafield ind1=" " ind2="1" tag="264"><subfield code="a">Guilford College, N.C. :</subfield><subfield code="b">[Guilford College],</subfield><subfield code="c">[1914]-</subfield></datafield><datafield ind1=" " ind2=" " tag="300"><subfield code="a">1 online resource :</subfield><subfield code="b">illustrations</subfield></datafield><datafield ind1=" " ind2=" " tag="310"><subfield code="a">Weekly during the academic year</subfield></datafield><datafield ind1=" " ind2=" " tag="336"><subfield code="a">text</subfield><subfield code="b">txt</subfield><subfield code="2">rdacontent</subfield></datafield><datafield ind1=" " ind2=" " tag="337"><subfield code="a">computer</subfield><subfield code="b">c</subfield><subfield code="2">rdamedia</subfield></datafield><datafield ind1=" " ind2=" " tag="338"><subfield code="a">online resource</subfield><subfield code="b">cr</subfield><subfield code="2">rdacarrier</subfield></datafield><datafield ind1="1" ind2=" " tag="362"><subfield code="a">Began with: Volume I, number 1 (October 14, 1914).</subfield></datafield><datafield ind1=" " ind2=" " tag="588"><subfield code="a">Description based on: Volume I, number 1 (October 14, 1914); title from caption.</subfield></datafield><datafield ind1=" " ind2=" " tag="588"><subfield code="a">Latest issue consulted: Volume 91, issue 27 (April 29, 2005).</subfield></datafield><datafield ind1="2" ind2="0" tag="610"><subfield code="a">Guilford College</subfield><subfield code="v">Periodicals.</subfield></datafield><datafield ind1="2" ind2="7" tag="610"><subfield code="a">Guilford College.</subfield><subfield code="2">fast</subfield><subfield code="0">(OCoLC)fst00576607</subfield></datafield><datafield ind1=" " ind2="7" tag="655"><subfield code="a">Periodicals.</subfield><subfield code="2">fast</subfield><subfield code="0">(OCoLC)fst01411641</subfield></datafield><datafield ind1="2" ind2=" " tag="710"><subfield code="a">Guilford College,</subfield><subfield code="e">issuing body.</subfield></datafield><datafield ind1=" " ind2=" " tag="752"><subfield code="a">United States</subfield><subfield code="b">North Carolina</subfield><subfield code="c">Guilford</subfield><subfield code="d">Guilford College.</subfield></datafield><datafield ind1=" " ind2=" " tag="752"><subfield code="a">United States</subfield><subfield code="b">North Carolina</subfield><subfield code="c">Guilford</subfield><subfield code="d">Greensboro.</subfield></datafield><datafield ind1="4" ind2="0" tag="856"><subfield code="u">http://www.digitalnc.org/newspapers/the-guilfordian-greensboro-n-c/</subfield></datafield><datafield ind1="4" ind2="0" tag="856"><subfield code="3">OverDrive</subfield><subfield code="u">https://www.overdrive.com/search?q=BB725FFD-1972-4650-9DB7-2FF11A93EF58</subfield></datafield><datafield ind1="4" ind2=" " tag="856"><subfield code="3">Image</subfield><subfield code="u">http://images.cdn.overdrive.com/ImageType-100/6048-1/{BB725FFD-1972-4650-9DB7-2FF11A93EF58}Img100.jpg</subfield></datafield><datafield ind1="4" ind2="2" tag="856"><subfield code="u">http://www.guilfordian.com/</subfield></datafield></record>